<record><leader>00000cas a22000001a 4500</leader><controlfield tag="001">32229830</controlfield><controlfield tag="007">hd afb016baca</controlfield><controlfield tag="007">hd bfb016baaa</controlfield><controlfield tag="008">950330u1922uuuuokuwr nea     0   a0eng d</controlfield><datafield ind1=" " ind2=" " tag="010"><subfield code="a">sn 94081660 </subfield></datafield><datafield ind1=" " ind2=" " tag="040"><subfield code="a">NN</subfield><subfield code="b">eng</subfield><subfield code="c">RQM</subfield><subfield code="d">OCL</subfield><subfield code="d">OCLCQ</subfield><subfield code="d">OCLCF</subfield><subfield code="d">OCLCO</subfield><subfield code="d">OCLCQ</subfield></datafield><datafield ind1=" " ind2=" " tag="012"><subfield code="i">9412</subfield></datafield><datafield ind1="1" ind2=" " tag="022"><subfield code="a">0745-385X</subfield><subfield code="l">0745-385X</subfield><subfield code="2">1</subfield></datafield><datafield ind1=" " ind2=" " tag="032"><subfield code="a">406580</subfield><subfield code="b">USPS</subfield></datafield><datafield ind1=" " ind2=" " tag="037"><subfield code="b">Oklahoma Eagle, POB 3267, Tulsa, Okla., 74101</subfield></datafield><datafield ind1=" " ind2=" " tag="042"><subfield code="a">msc</subfield></datafield><datafield ind1=" " ind2=" " tag="043"><subfield code="a">n-us-ok</subfield></datafield><datafield ind1=" " ind2="4" tag="222"><subfield code="a">The Oklahoma eagle</subfield></datafield><datafield ind1="0" ind2="4" tag="245"><subfield code="a">The Oklahoma eagle.</subfield></datafield><datafield ind1=" " ind2=" " tag="260"><subfield code="a">Tulsa, Okla. :</subfield><subfield code="b">(Mrs.) R.C. Baughman</subfield></datafield><datafield ind1=" " ind2=" " tag="300"><subfield code="a">volumes :</subfield><subfield code="b">illustrations (chiefly advertisements) ;</subfield><subfield code="c">59 cm</subfield></datafield><datafield ind1=" " ind2=" " tag="310"><subfield code="a">Weekly</subfield></datafield><datafield ind1=" " ind2=" " tag="336"><subfield code="a">text</subfield><subfield code="b">txt</subfield><subfield code="2">rdacontent</subfield></datafield><datafield ind1=" " ind2=" " tag="337"><subfield code="a">microform</subfield><subfield code="b">h</subfield><subfield code="2">rdamedia</subfield></datafield><datafield ind1=" " ind2=" " tag="338"><subfield code="a">microfilm reel</subfield><subfield code="b">hd</subfield><subfield code="2">rdacarrier</subfield></datafield><datafield ind1="1" ind2=" " tag="362"><subfield code="a">Began in 1922.</subfield></datafield><datafield ind1=" " ind2=" " tag="500"><subfield code="a">Publisher varies: &lt;Dec. 9, 1982-&gt;, Oklahoma Eagle Pub. Co.</subfield></datafield><datafield ind1=" " ind2=" " tag="500"><subfield code="a">Editors: &lt;Jan. 3, 1942-May 26, 1945&gt;, H.S. Hughes; &lt;June 9, Nov. 3, 1945&gt;, J.N. Wallace; &lt;Nov. 10, 1945-Feb. 15, 1951&gt;, J.A. Moran; &lt;Feb. 15, 1951-Jan. 31, 1952&gt;, E.T. Rouzeau; &lt;Feb. 7, 1952-June 30, 1955&gt;, B.H. Hill; &lt;July 7, 1955-Dec. 25, 1958&gt;, E.L. Madison; &lt;Jan. 1-Apr. 30, 1959&gt;, V.S. Drew; &lt;Apr. 30, 1959-Dec. 28, 1971&gt;, B.H. Hill; &lt;Jan. 5, 1972-Dec. 30, 1977&gt;, C. Jeffery, Jr.; &lt;Jan. 6, 1978-&gt;, R.K. Goodwin.</subfield></datafield><datafield ind1=" " ind2=" " tag="521"><subfield code="a">"Oklahoma's greatest Negro newspaper."</subfield></datafield><datafield ind1=" " ind2=" " tag="588"><subfield code="a">Description based on: Vol. 2, no. 19 (Mar. 27, 1924).</subfield></datafield><datafield ind1=" " ind2=" " tag="533"><subfield code="a">Microfilm.</subfield><subfield code="m">Oct. 11,1941-Feb. 21,1942.</subfield><subfield code="b">New York :</subfield><subfield code="c">New York Public Library,</subfield><subfield code="d">[19--].</subfield><subfield code="e">1 microfilm reel ; 35 mm.</subfield></datafield><datafield ind1=" " ind2="0" tag="650"><subfield code="a">African Americans</subfield><subfield code="z">Oklahoma</subfield><subfield code="v">Newspapers.</subfield></datafield><datafield ind1=" " ind2="7" tag="650"><subfield code="a">African Americans.</subfield><subfield code="2">fast</subfield><subfield code="0">(OCoLC)fst00799558</subfield></datafield><datafield ind1=" " ind2="7" tag="651"><subfield code="a">Oklahoma.</subfield><subfield code="2">fast</subfield><subfield code="0">(OCoLC)fst01205031</subfield></datafield><datafield ind1=" " ind2="7" tag="655"><subfield code="a">Newspapers.</subfield><subfield code="2">fast</subfield><subfield code="0">(OCoLC)fst01423814</subfield></datafield><datafield ind1="1" ind2=" " tag="700"><subfield code="a">Hughes, Horace S.</subfield></datafield><datafield ind1="1" ind2=" " tag="700"><subfield code="a">Wallace, J. N.</subfield></datafield><datafield ind1="1" ind2=" " tag="700"><subfield code="a">Moran, J. A.</subfield></datafield><datafield ind1="1" ind2=" " tag="700"><subfield code="a">Rouzeau, Edgar T.</subfield></datafield><datafield ind1="1" ind2=" " tag="700"><subfield code="a">Hill, Ben H.</subfield></datafield><datafield ind1="1" ind2=" " tag="700"><subfield code="a">Madison, E. L.,</subfield><subfield code="c">Jr.</subfield></datafield><datafield ind1="1" ind2=" " tag="700"><subfield code="a">Drew, Viola S.</subfield></datafield><datafield ind1="1" ind2=" " tag="700"><subfield code="a">Jeffery, Charles,</subfield><subfield code="c">Jr.</subfield></datafield><datafield ind1="1" ind2=" " tag="700"><subfield code="a">Goodwin, Robert K.</subfield></datafield><datafield ind1=" " ind2=" " tag="752"><subfield code="a">United States</subfield><subfield code="b">Oklahoma</subfield><subfield code="c">Tulsa</subfield><subfield code="d">Tulsa.</subfield></datafield><datafield ind1="1" ind2=" " tag="776"><subfield code="c">Original</subfield><subfield code="w">(DLC)sn 83000748</subfield></datafield><datafield ind1=" " ind2=" " tag="850"><subfield code="a">NN</subfield><subfield code="a">NN (master)</subfield></datafield><datafield ind1="1" ind2=" " tag="029"><subfield code="a">AU@</subfield><subfield code="b">000022578124</subfield></datafield></record>